001  0000158
005  20170816141912.340
008  170706s||||     bl|||||||||||||||||por|u
020    $a9788562480973
040    $aPorto Alegre$bpor
090    $c3 ed.
100 1  $aReis, Letícia Vidor de Sousa
245 10 $aO mundo de pernas para o ar$ba capoeira no Brasil$cLetícia Vidor de Sousa Reis
250    $a3 ed.
260    $aCuritiba$bEditora CRV$c2010
300    $a163 p.
650    $aCapoeira
650    $aResistência
650    $aMestiçagem
650    $aHistória
650    $aBrasil
